<?xml version="1.0" encoding="UTF-8"?><collection xmlns="http://www.loc.gov/MARC21/slim"><record><leader>00417nam--2200157-u-4500</leader><controlfield tag="001">000051887</controlfield><controlfield tag="002">20161230</controlfield><controlfield tag="005">20161230201049</controlfield><controlfield tag="008">090413s1000------------r-----000-0-eng-d</controlfield><datafield ind1=" " ind2=" " tag="040"><subfield code="a">IFIN-HH</subfield></datafield><datafield ind1=" " ind2=" " tag="080"><subfield code="a">517.977</subfield></datafield><datafield ind1="1" ind2=" " tag="100"><subfield code="a">Ivanishchev,V.V. i Krasnoshchekov,A.D</subfield></datafield><datafield ind1="1" ind2="0" tag="245"><subfield code="a">Upravlenie na Setyakh s Peremennoi Strukturnoi</subfield></datafield><datafield ind1=" " ind2=" " tag="260"><subfield code="a">Moskva</subfield><subfield code="b">Nauka</subfield><subfield code="c">1982</subfield></datafield><datafield ind1=" " ind2=" " tag="852"><subfield code="a">70853</subfield><subfield code="c">517.9</subfield></datafield><datafield ind1=" " ind2=" " tag="CAT"><subfield code="a">Sys</subfield><subfield code="c">20090413</subfield><subfield code="h">112132</subfield></datafield></record></collection>